<?xml version="1.0" encoding="UTF-8"?><collection xmlns="http://www.loc.gov/MARC21/slim"><record><leader>00416nam--2200157-i-4500</leader><controlfield tag="001">000020970</controlfield><controlfield tag="002">20161230</controlfield><controlfield tag="005">20161230201033</controlfield><controlfield tag="008">060222s1000------------r-----000-0-eng-d</controlfield><datafield ind1=" " ind2=" " tag="020"><subfield code="a">3-540-56</subfield></datafield><datafield ind1=" " ind2=" " tag="080"><subfield code="a">517.57</subfield></datafield><datafield ind1=" " ind2=" " tag="100"><subfield code="a">Havin, Victor /S.A.</subfield></datafield><datafield ind1=" " ind2=" " tag="245"><subfield code="a">The uncertainty principle in harmonic analysis</subfield></datafield><datafield ind1=" " ind2=" " tag="260"><subfield code="a">Berlin, Springer-verlag, 1994. 547 P</subfield></datafield><datafield ind1=" " ind2=" " tag="852"><subfield code="a">80265</subfield><subfield code="c">517.5</subfield></datafield><datafield ind1=" " ind2=" " tag="CAT"><subfield code="a">Sys</subfield><subfield code="c">20080812</subfield><subfield code="h">132232</subfield></datafield></record></collection>